UNB+UNOC:3+9904079000002:500+9900051000002:500+240402:1329+720375'
UNH+782758+REMADV:D:05A:UN:2.9c'
BGM+239+ABC123'
DTM+137:202404012200?+00:303'
RFF+Z13:33003'
NAD+MS+9904079000002::293'
NAD+MR+9900051000002::293'
CUX+2:EUR:11'
DOC+380+AAAAABBBBB33333'
MOA+9:1000'
MOA+12:0'
DTM+137:202404012200?+00:303'
AJT+A21+E_0210'
FTX+Z16+++1'
UNS+S'
MOA+12:0'
UNT+16+782758'
UNZ+1+720375'