UNB+UNOC:3+9903790000002:500+9900321000005:500+240402:1326+YASMINJA219556'
UNH+YASMINJA436082+REMADV:D:05A:UN:2.9c'
BGM+239+YASMINJA436082BGM'
DTM+137:202404011126?+00:303'
RFF+Z13:33004'
NAD+MS+9903790000002::293'
CTA+IC+:Fleeberg'
COM+?+03044848548:TE'
NAD+MR+9900321000005::293'
CUX+2:EUR:11'
DOC+380+87897485'
MOA+9:10000.00'
MOA+12:0'
DTM+137:202303280000?+00:303'
RFF+ACW:545848485'
DLI+1+1'
AJT+A20+E_0406'
UNS+S'
MOA+12:0'
UNT+19+YASMINJA436082'
UNZ+1+YASMINJA219556'