UNB+UNOC:3+9903790000002:500+9900321000005:500+240404:1146+197691'
UNH+617415+REMADV:D:05A:UN:2.9c'
BGM+481+BGM555555'
DTM+137:202404031200?+00:303'
RFF+Z13:33001'
NAD+MS+9903790000002::293'
NAD+MR+9900321000005::293'
CUX+2:EUR:11'
DOC+380+BGM56151515'
MOA+9:5000'
MOA+12:5000'
DTM+137:202403151200?+00:303'
UNS+S'
MOA+12:5000'
UNT+14+617415'
UNZ+1+197691'