UNA:+.? '
UNB+UNOC:3+9903790000002:500+9900321000005:500+{{date}}:{{time}}+YASMINJA864443'
UNH+YASMINJA842320+REMADV:D:05A:UN:2.9c'
BGM+481+YASMINJA842320BGM'
DTM+137:202303281012?+00:303'
RFF+Z13:33001'
NAD+MS+9903790000002::293'
CTA+IC+:Fleeberg'
COM+?+305685852:TE'
NAD+MR+9900321000005::293'
CUX+2:EUR:11'
DOC+380+4777777'
MOA+9:1500'
MOA+12:1500'
DTM+137:202303280000?+00:303'
UNS+S'
MOA+12:1500'
UNT+16+YASMINJA842320'
UNZ+1+YASMINJA864443'
